<?xml version="1.0" encoding="UTF-8"?><collection xmlns="http://www.loc.gov/MARC21/slim"><record><leader>00434nam--2200133-i-4500</leader><controlfield tag="001">000021595</controlfield><controlfield tag="002">20161230</controlfield><controlfield tag="005">20161230201034</controlfield><controlfield tag="008">060222s1000------------r-----000-0-eng-d</controlfield><datafield ind1=" " ind2=" " tag="100"><subfield code="a">Janssens, P</subfield></datafield><datafield ind1=" " ind2=" " tag="245"><subfield code="a">Sur la pretermination du parcours des particules chargees dans divers milieux composes</subfield></datafield><datafield ind1=" " ind2=" " tag="260"><subfield code="a">Bruxelles, Centre De Physique Nucleaire, 1951, 9p.+ 3 Pl</subfield></datafield><datafield ind1=" " ind2=" " tag="490"><subfield code="a">Bull.Centre Phys.Nucl.Univ.Libre Bruxelles</subfield></datafield><datafield ind1=" " ind2=" " tag="852"><subfield code="a">14071</subfield></datafield></record></collection>